@misc{react_ts,
  title = {{React}},
  howpublished = {Available from: \url{https://www.typescriptlang.org/docs/handbook/react.html}},
  note = {Accessed: 2023-04-02}
},
@misc{sass,
  title = {{CSS with superpowers}},
  howpublished = {Available from: \url{https://sass-lang.com/}},
  note = {Accessed: 2023-04-02}
},
@misc{vite,
  title = {{Vite Next Generation Frontend Tooling}},
  howpublished = {Available from: \url{https://vitejs.dev/}},
  note = {Accessed: 2023-04-02}
},
@misc{expressjs,
  title = {{Express: Fast, unopinionated, minimalist web framework for Node.js}},
  howpublished = {Available from: \url{https://expressjs.com/}},
  note = {Accessed: 2023-04-02}
},
@misc{nodejs,
  title = {{Node.js is an open-source, cross-platform JavaScript runtime environment.}},
  howpublished = {Available from: \url{https://nodejs.org/en}},
  note = {Accessed: 2023-04-02}
},
@misc{stripe,
  title = {{ระบบการรับชำระเงินสำหรับอินเทอร์เน็ต}},
  howpublished = {Available from: \url{https://stripe.com/th}},
  note = {Accessed: 2023-04-02}
},
@misc{promptpay,
  title = {{PromptPay: the Game Changer for Payments}},
  howpublished = {Available from: \url{https://www.bot.or.th/Thai/BOTMagazine/Pages/256303_TheKnowledge_PromptPay.aspx}},
  note = {Accessed: 2023-04-02}
},
@misc{mysql,
  title = {{MySQL}},
  howpublished = {Available from: \url{https://www.mysql.com/}},
  note = {Accessed: 2023-04-02}
},
@misc{sequelize,
  title = {{Sequelize}},
  howpublished = {Available from: \url{https://sequelize.org/}},
  note = {Accessed: 2023-04-02}
},
@misc{netlify,
  title = {{Bring it all together}},
  howpublished = {Available from: \url{https://www.netlify.com/}},
  note = {Accessed: 2023-04-02}
},
@misc{railway,
  title = {{Bring your code, we'll handle the rest.}},
  howpublished = {Available from: \url{https://railway.app/}},
  note = {Accessed: 2023-04-02}
},
@misc{amazon_rds,
  title = {{Amazon RDS}},
  howpublished = {Available from: \url{https://aws.amazon.com/th/rds/}},
  note = {Accessed: 2023-04-02}
},
@misc{firebase,
  title = {{Make your app the best it can be}},
  howpublished = {Available from: \url{https://firebase.google.com/}},
  note = {Accessed: 2023-04-02}
},
@misc{google_maps_api,
  title = {{Welcome to Google Maps Platform}},
  howpublished = {Available from: \url{https://mapsplatform.google.com/}},
  note = {Accessed: 2023-04-02}
},
@misc{pdpa,
  title = {{PDPA คืออะไร? – สรุป PDPA เกี่ยวกับธุรกิจที่คุณควรรู้! ฉบับเข้าใจง่าย}},
  howpublished = {Available from: \url{https://easypdpa.com/article/easypdpa-summary-what-is-pdpa}},
  note = {Accessed: 2023-04-02}
},
@misc{encryption,
  title = {{การเข้ารหัสคืออะไร}},
  howpublished = {Available from: \url{https://aws.amazon.com/th/what-is/cryptography/}},
  note = {Accessed: 2023-04-02}
},
@misc{concept_mvc,
  title = {{สรุป Concept พื้นฐาน MVC}},
  howpublished = {Available from: \url{https://www.borntodev.com/2020/04/02/สรุป-concept-พื้นฐาน-mvc/}},
  note = {Accessed: 2023-04-02}
},
@misc{mvc,
  title = {{Model–view–controller}},
  howpublished = {Available from: \url{https://upload.wikimedia.org/wikipedia/commons/thumb/a/a0/MVC-Process.svg/1200px-MVC-Process.svg.png/}},
  note = {Accessed: 2023-04-02}
},
@misc{rest_vs_soap,
  title = {{REST กับ SOAP ต่างกันอย่างไร ?}},
  howpublished = {Available from: \url{https://www.somkiat.cc/rest-vs-soap/}},
  note = {Accessed: 2023-04-02}
},
@misc{cloud_dev,
  title = {{What Is Cloud Application Development?}},
  howpublished = {Available from: \url{https://www.koombea.com/blog/what-is-cloud-application-development/}},
  note = {Accessed: 2023-04-02}
},
@misc{cdd,
  title = {{What is component-driven development and why to use it}},
  howpublished = {Available from: \url{https://medium.com/@arqex/what-is-component-driven-development-and-why-to-use-it-e3e57abbc449}},
  note = {Accessed: 2023-04-02}
},
@misc{pwa,
  title = {{Progressive Web App}},
  howpublished = {Available from: \url{https://web.dev/progressive-web-apps/}},
  note = {Accessed: 2023-04-02}
},
@misc{bad_pwa,
  title = {{Why ''Progressive Web Apps vs. native'' is the wrong question to ask}},
  howpublished = {Available from: \url{https://medium.com/dev-channel/why-progressive-web-apps-vs-native-is-the-wrong-question-to-ask-fb8555addcbb}},
  note = {Accessed: 2023-04-02}
},
@misc{responsive,
  title = {{Responsive Web Design คืออะไร}},
  howpublished = {Available from: \url{https://seo-web.aun-thai.co.th/blog/web-blog-responsive-web-design/}},
  note = {Accessed: 2023-04-02}
},
@misc{bad_responsive,
  title = {{ข้อดี ข้อเสีย ของ RESPONSIVE WEB DESIGN}},
  howpublished = {Available from: \url{https://www.wynnsoftstudio.com/Advantages_and_disadvantages_of_Responsive_Web_Design}},
  note = {Accessed: 2023-04-02}
},
@misc{convention,
  title = {{Code Conventions ?}},
  howpublished = {Available from: \url{https://thospol.medium.com/code-conventions-a14ded7e09d9}},
  note = {Accessed: 2023-04-02}
},
@misc{airbnb_jsx,
  title = {{Airbnb React/JSX Style Guide}},
  howpublished = {Available from: \url{https://github.com/lvarayut/javascript-style-guide/tree/master/react}},
  note = {Accessed: 2023-04-02}
},
